@techreport {Stanford2017,
   author = {Arthurs, N. and Birnbaum, S. and Gruver, N.},
   title = {Selecting Youtube Video Thumbnails via Convolutional Neural Networks},
   institution = {Stanford},
   url ={http://cs231n.stanford.edu/reports/2017/pdfs/710.pdf},
   year = {2017},
}
@techreport {Stanford2021,
   author = {Chen, Y. and Wang, Y. and Tan, R.},
   title = {Classifying YouTube Videos by Thumbnail},
   institution = {Stanford},
   url = {http://cs230.stanford.edu/projects_fall_2021/reports/103085886.pdf},
   year = {2021},
}
@techreport {Adrakatti2016,
    author = {Adrakatti, A. and Wodeyar, R. and Mulla, K.},
    title = {Search by Image: A Novel Approach to Content Based Image Retrieval System},
    url = {https://www.researchgate.net/publication/305683970_Search_by_Image_A_Novel_Approach_to_Content_Based_Image_Retrieval_System},
    year = {2016},
}
@article {PrasadClustering,
   author = {Sunit Prasad},
   title = {Different Types of Clustering Methods and Applications},
   url = {https://www.analytixlabs.co.in/blog/types-of-clustering-algorithms/#sub1},
}
@article {C3Clustering,
   author={C3AI},
   title={Clustering},
   url={https://c3.ai/glossary/data-science/clustering/},
}
@techreport {Kavitha2020,
   author = {Kavitha, P. K. and Saraswathi, Vidhya P.},
   title = {Content based satellite image retrieval system using fuzzy clustering},
   url = {https://link.springer.com/article/10.1007/s12652-020-02064-1},
   year = {2020},
}
@techreport {Schwammle2010,
   author = {Schwammle, V. and Jensen O.},
   title = {A simple and fast method to determine the parameters for fuzzy câ€“means cluster analysis},
   url = {https://academic.oup.com/bioinformatics/article/26/22/2841/227572},
   year = {2010},
}
@techreport {Moore2018,
   author = {Moore D. and Mamrosh J.},
   title = {Using Google Reverse Image Search to Decipher Biological Images},
   url = {https://currentprotocols.onlinelibrary.wiley.com/doi/10.1002/0471142727.mb1913s111},
   year = {2018},
}